@article{Dantzig59,
 author = {Dantzig, G. B. and Ramser, J. H.},
 title = {The Truck Dispatching Problem},
 journal = {Manage. Sci.},
 issue_date = {October 1959},
 volume = {6},
 number = {1},
 year = {1959},
 issn = {0025-1909},
 publisher = {INFORMS},
}

@book{Chen16,
author={Jianjun Chen and Ruibin Bai and Haibo Dong and R. Qu and G. Kendall},
booktitle={Symposium Series on Computational Intelligence (SSCI)},
title={A Dynamic Truck Dispatching Problem In Marine Container Terminal},
year={2016},
pages={1-8},
month={Dec},
publisher = {IEEE},
}

@misc{hyundai18,
year= "2018",
title = "Garabge Truck Press Pack",
url = "http://www.hyundai.com/gd/en/find-a-car/garbage-truck/press-pack.html",
howpublished = "Brochure",
author ="Hyundai Motor Company"
}

@misc{volvo17,
author = {{Volvo Group}},
title = {Volvo Pioneers Autonomous, Self-Driving Refuse Truck In The Urban Environment},
url = {http://www.volvogroup.com/en-en/news/2017/may/news-2561936.html},
howpublished = "Press release",
date = {2017-05-017},
}

@article{Burkhovetskiy2017,
 author = {Burkhovetskiy, Victor Vitalyevich and Steinberg, Boris Yakovlevich},
 title = {Parallelizing an Exact Algorithm for the Traveling Salesman Problem},
 journal = {Procedia Comput. Sci.},
 volume = {119},
 number = {C},
 year = {2017},
 issn = {1877-0509},
 publisher = {Elsevier Science Publishers B. V.},
 address = {Amsterdam, The Netherlands, The Netherlands},
} 

@book{Dorigo04,
 author = {Dorigo, Marco and St\"{u}tzle, Thomas},
 title = {Ant Colony Optimization},
 year = {2004},
 isbn = {0262042193},
 publisher = {Bradford Company},
 address = {Scituate, MA, USA},
} 

@article{Karadimas2008,
 author = {Karadimas, Nikolaos V. and Doukas, Nikolaos and Kolokathi, Maria and Defteraiou, Gerasimoula},
 title = {Routing Optimization Heuristics Algorithms for Urban Solid Waste Transportation Management},
 journal = {W. Trans. on Comp.},
 volume = {7},
 number = {12},
 year = {2008},
 issn = {1109-2750},
 pages = {2022--2031},
 publisher = {WSEAS},
} 

[download] 